<?xml version="1.0" encoding="UTF-8"?>
<collection xmlns="http://www.loc.gov/MARC21/slim">
 <record>
  <leader>02123nab a22004814i 4500</leader>
  <controlfield tag="001">002776222</controlfield>
  <controlfield tag="003">CZ PrUCL</controlfield>
  <controlfield tag="005">20220902131155.0</controlfield>
  <controlfield tag="008">220831e20220823xr            ||| ||cze d</controlfield>
  <datafield tag="040" ind1=" " ind2=" ">
   <subfield code="a">ABB060</subfield>
   <subfield code="b">cze</subfield>
   <subfield code="e">rda</subfield>
  </datafield>
  <datafield tag="072" ind1=" " ind2="7">
   <subfield code="a">82:06</subfield>
   <subfield code="x">Literární organizace, soutěže</subfield>
   <subfield code="2">Konspekt</subfield>
   <subfield code="9">11</subfield>
  </datafield>
  <datafield tag="080" ind1=" " ind2=" ">
   <subfield code="a">821.112.2-3</subfield>
   <subfield code="2">MRF</subfield>
  </datafield>
  <datafield tag="080" ind1=" " ind2=" ">
   <subfield code="a">821.112.2-31</subfield>
   <subfield code="2">MRF</subfield>
  </datafield>
  <datafield tag="080" ind1=" " ind2=" ">
   <subfield code="a">06.05:82</subfield>
   <subfield code="2">MRF</subfield>
  </datafield>
  <datafield tag="080" ind1=" " ind2=" ">
   <subfield code="a">(047)</subfield>
   <subfield code="2">MRF</subfield>
  </datafield>
  <datafield tag="110" ind1="2" ind2=" ">
   <subfield code="a">Česká tisková kancelář</subfield>
   <subfield code="7">ko2003196051</subfield>
   <subfield code="4">aut</subfield>
  </datafield>
  <datafield tag="245" ind1="1" ind2="0">
   <subfield code="a">O emigraci a lásce k Rammstein. Český rodák Faktor může získat Německou knižní cenu /</subfield>
   <subfield code="c">ČTK, DPA, Kultura ; foto Martin Svozílek.</subfield>
  </datafield>
  <datafield tag="336" ind1=" " ind2=" ">
   <subfield code="a">text</subfield>
   <subfield code="b">txt</subfield>
   <subfield code="2">rdacontent</subfield>
  </datafield>
  <datafield tag="337" ind1=" " ind2=" ">
   <subfield code="a">počítač</subfield>
   <subfield code="b">c</subfield>
   <subfield code="2">rdamedia</subfield>
  </datafield>
  <datafield tag="338" ind1=" " ind2=" ">
   <subfield code="a">online zdroj</subfield>
   <subfield code="b">cr</subfield>
   <subfield code="2">rdacarrier</subfield>
  </datafield>
  <datafield tag="500" ind1=" " ind2=" ">
   <subfield code="a">Rubrika: Literatura.</subfield>
  </datafield>
  <datafield tag="500" ind1=" " ind2=" ">
   <subfield code="a">Obrazový materiál: 2 fot.</subfield>
  </datafield>
  <datafield tag="520" ind1="2" ind2=" ">
   <subfield code="a">Zpráva o nominacích na Německou knižní cenu 2022, mezi nimiž figuruje i J. Faktor.</subfield>
  </datafield>
  <datafield tag="524" ind1=" " ind2=" ">
   <subfield code="a">O emigraci a lásce k Rammstein. Český rodák Faktor může získat Německou knižní cenu. Foto Martin Svozílek. Aktuálně.cz [online]. 23. 8. 2022. URL: https://magazin.aktualne.cz/kultura/literatura/jan-faktor-nemecka-knizni-cena-nominace/r~4ccc42ca22d211eda9eeac1f6b220ee8/</subfield>
  </datafield>
  <datafield tag="599" ind1=" " ind2=" ">
   <subfield code="a">CLB-CPK</subfield>
  </datafield>
  <datafield tag="600" ind1="1" ind2="7">
   <subfield code="a">Faktor, Jan,</subfield>
   <subfield code="d">1951-</subfield>
   <subfield code="7">jn20020723132</subfield>
   <subfield code="2">czenas</subfield>
  </datafield>
  <datafield tag="611" ind1="2" ind2="4">
   <subfield code="a">Německá knižní cena (literární cena)</subfield>
  </datafield>
  <datafield tag="650" ind1="0" ind2="7">
   <subfield code="a">německy psaná próza</subfield>
   <subfield code="7">ph123466</subfield>
   <subfield code="2">czenas</subfield>
  </datafield>
  <datafield tag="650" ind1="0" ind2="7">
   <subfield code="a">německy psaný román</subfield>
   <subfield code="7">ph123473</subfield>
   <subfield code="2">czenas</subfield>
  </datafield>
  <datafield tag="650" ind1="0" ind2="7">
   <subfield code="a">literární ceny</subfield>
   <subfield code="7">ph564301</subfield>
   <subfield code="2">czenas</subfield>
  </datafield>
  <datafield tag="655" ind1=" " ind2="7">
   <subfield code="a">zprávy</subfield>
   <subfield code="7">fd133875</subfield>
   <subfield code="2">czenas</subfield>
  </datafield>
  <datafield tag="710" ind1="2" ind2=" ">
   <subfield code="a">DPA (firma)</subfield>
   <subfield code="7">xx0132803</subfield>
   <subfield code="4">aut</subfield>
  </datafield>
  <datafield tag="710" ind1="0" ind2=" ">
   <subfield code="a">Kultura</subfield>
   <subfield code="4">aut</subfield>
  </datafield>
  <datafield tag="773" ind1="0" ind2=" ">
   <subfield code="t">Aktuálně.cz [online]</subfield>
   <subfield code="g">23. 8. 2022</subfield>
   <subfield code="9">20220823</subfield>
  </datafield>
  <datafield tag="787" ind1="0" ind2="8">
   <subfield code="a">Faktor, Jan</subfield>
   <subfield code="t">Trottel</subfield>
   <subfield code="d">Köln : Kiepenheuer &amp; Witsch, 2022</subfield>
   <subfield code="4">román</subfield>
  </datafield>
  <datafield tag="856" ind1="4" ind2="0">
   <subfield code="u">https://magazin.aktualne.cz/kultura/literatura/jan-faktor-nemecka-knizni-cena-nominace/r~4ccc42ca22d211eda9eeac1f6b220ee8/</subfield>
   <subfield code="y">online</subfield>
   <subfield code="4">N</subfield>
  </datafield>
  <datafield tag="910" ind1=" " ind2=" ">
   <subfield code="a">ABB060</subfield>
  </datafield>
  <datafield tag="964" ind1=" " ind2=" ">
   <subfield code="a">INT</subfield>
  </datafield>
  <datafield tag="990" ind1=" " ind2=" ">
   <subfield code="a">RS</subfield>
  </datafield>
  <datafield tag="KAT" ind1=" " ind2=" ">
   <subfield code="a">UCLST</subfield>
   <subfield code="b">50</subfield>
   <subfield code="c">20220831</subfield>
   <subfield code="l">KNA01</subfield>
   <subfield code="h">1127</subfield>
  </datafield>
  <datafield tag="KAT" ind1=" " ind2=" ">
   <subfield code="a">UCLST</subfield>
   <subfield code="b">50</subfield>
   <subfield code="c">20220902</subfield>
   <subfield code="l">KNA01</subfield>
   <subfield code="h">1311</subfield>
  </datafield>
  <datafield tag="OWN" ind1=" " ind2=" ">
   <subfield code="a">UCLA</subfield>
  </datafield>
  <datafield tag="SIF" ind1=" " ind2=" ">
   <subfield code="a">sra</subfield>
  </datafield>
 </record>
</collection>
